<collection xmlns="http://www.loc.gov/MARC21/slim">
<record>
  <leader>02415nam0a2200421 i 450 </leader>
  <controlfield tag="001">IT\ICCU\CNCE\041397</controlfield>
  <controlfield tag="005">20150914000000.0</controlfield>
  <datafield tag="012" ind1=" " ind2=" ">
    <subfield code="a">V.us s-72 a-n- gumu (3) 1575 (R)</subfield>
    <subfield code="2">fei</subfield>
    <subfield code="9">1</subfield>
  </datafield>
  <datafield tag="012" ind1=" " ind2=" ">
    <subfield code="a">o-a- ,&amp;e- a-e- ruti (3) 1575 (R)</subfield>
    <subfield code="2">fei</subfield>
    <subfield code="9">2</subfield>
  </datafield>
  <datafield tag="100" ind1=" " ind2=" ">
    <subfield code="a">19981125d1575        0itac0103    ba</subfield>
  </datafield>
  <datafield tag="101" ind1=" " ind2=" ">
    <subfield code="a">LAT</subfield>
    <subfield code="a">ITA</subfield>
  </datafield>
  <datafield tag="102" ind1=" " ind2=" ">
    <subfield code="a">IT</subfield>
  </datafield>
  <datafield tag="200" ind1="1" ind2=" ">
    <subfield code="a">Statuta ciuitatis Mutinae ad iudices aquarum pertinentia, cum quibusdam additionibus valde necessariis, ac indice copiosissimo edita</subfield>
  </datafield>
  <datafield tag="210" ind1=" " ind2=" ">
    <subfield code="a">Mutinae</subfield>
    <subfield code="c">\Paolo Gadaldini!</subfield>
    <subfield code="d">1575</subfield>
    <subfield code="e">Mutinae</subfield>
    <subfield code="g">apud Paulum Gadaldinum</subfield>
    <subfield code="h">1576</subfield>
  </datafield>
  <datafield tag="215" ind1=" " ind2=" ">
    <subfield code="a">2 pt.</subfield>
    <subfield code="d">fol</subfield>
  </datafield>
  <datafield tag="300" ind1=" " ind2=" ">
    <subfield code="a">2: Additiones quae ex diuersis libris, et scripturis publicis communis ciuitatis Mutinae ... Aquarum</subfield>
  </datafield>
  <datafield tag="423" ind1=" " ind2="0">
    <subfield code="1">001IT\ICCU\CNCE\065055</subfield>
    <subfield code="1">2001 </subfield>
    <subfield code="a">Additiones quae ex diuersis libris, et scripturis publicis communis ciuitatis Mutinae</subfield>
  </datafield>
  <datafield tag="620" ind1=" " ind2=" ">
    <subfield code="a">IT</subfield>
    <subfield code="d">Modena</subfield>
  </datafield>
  <datafield tag="710" ind1="0" ind2="2">
    <subfield code="a">Modena</subfield>
    <subfield code="3">9318</subfield>
  </datafield>
  <datafield tag="712" ind1="0" ind2="0">
    <subfield code="a">Gadaldini, Paolo</subfield>
    <subfield code="3">IT\ICCU\CNCT\000898</subfield>
    <subfield code="4">650</subfield>
  </datafield>
  <datafield tag="791" ind1="0" ind2="2">
    <subfield code="a">Mutina</subfield>
    <subfield code="3">21451</subfield>
    <subfield code="z">Modena</subfield>
  </datafield>
  <datafield tag="791" ind1="0" ind2="2">
    <subfield code="a">Modona</subfield>
    <subfield code="3">21452</subfield>
    <subfield code="z">Modena</subfield>
  </datafield>
  <datafield tag="791" ind1="0" ind2="0">
    <subfield code="a">Gadaldinus, Paulus</subfield>
    <subfield code="3">IT\ICCU\CNCT\004810</subfield>
    <subfield code="z">Gadaldini, Paolo</subfield>
  </datafield>
  <datafield tag="791" ind1="0" ind2="0">
    <subfield code="a">Gadaldino, Paolo</subfield>
    <subfield code="3">IT\ICCU\CNCT\004811</subfield>
    <subfield code="z">Gadaldini, Paolo</subfield>
  </datafield>
  <datafield tag="801" ind1=" " ind2="3">
    <subfield code="a">IT</subfield>
    <subfield code="b">ICCU</subfield>
    <subfield code="c">20201114</subfield>
  </datafield>
  <datafield tag="899" ind1=" " ind2=" ">
    <subfield code="a">Biblioteca di discipline umanistiche. Bologna</subfield>
    <subfield code="1">BO0423</subfield>
    <subfield code="2">UBO DU</subfield>
  </datafield>
  <datafield tag="899" ind1=" " ind2=" ">
    <subfield code="a">Biblioteca di Scienze sociali. Firenze</subfield>
    <subfield code="1">FI0597</subfield>
    <subfield code="2">UFI KE</subfield>
  </datafield>
  <datafield tag="899" ind1=" " ind2=" ">
    <subfield code="a">Biblioteca Estense Universitaria. Modena</subfield>
    <subfield code="1">MO0089</subfield>
    <subfield code="2">MOD BE</subfield>
  </datafield>
  <datafield tag="899" ind1=" " ind2=" ">
    <subfield code="a">Biblioteca universitaria giuridica. Modena</subfield>
    <subfield code="1">MO0169</subfield>
    <subfield code="2">MOD UG</subfield>
  </datafield>
  <datafield tag="899" ind1=" " ind2=" ">
    <subfield code="a">Biblioteca universitaria. Napoli</subfield>
    <subfield code="z">MUTILO</subfield>
    <subfield code="1">NA0070</subfield>
    <subfield code="2">NAP BU</subfield>
  </datafield>
  <datafield tag="899" ind1=" " ind2=" ">
    <subfield code="a">Biblioteca Palatina. Parma</subfield>
    <subfield code="1">PR0072</subfield>
    <subfield code="2">PAR PA</subfield>
  </datafield>
  <datafield tag="899" ind1=" " ind2=" ">
    <subfield code="a">Biblioteca  Panizzi. Reggio Emilia</subfield>
    <subfield code="1">RE0052</subfield>
    <subfield code="2">RE2 PA</subfield>
  </datafield>
  <datafield tag="899" ind1=" " ind2=" ">
    <subfield code="a">Biblioteca del Senato della Repubblica Giovanni Spadolini. Roma</subfield>
    <subfield code="1">RM0427</subfield>
    <subfield code="2">ZRM 12</subfield>
  </datafield>
  <datafield tag="899" ind1=" " ind2=" ">
    <subfield code="a">Biblioteca di area Giuridico Politologica dell&apos;Universit ̉di Siena. Siena</subfield>
    <subfield code="1">SI0104</subfield>
    <subfield code="2">RT1 QU</subfield>
  </datafield>
  <datafield tag="899" ind1=" " ind2=" ">
    <subfield code="a">Biblioteca civica. Vercelli</subfield>
    <subfield code="1">VC0073</subfield>
    <subfield code="2">TO0 A2</subfield>
  </datafield>
  <datafield tag="911" ind1=" " ind2=" ">
    <subfield code="a">Nei colophon</subfield>
    <subfield code="9">IT\ICCU\CNCM\000416</subfield>
  </datafield>
  <datafield tag="921" ind1=" " ind2=" ">
    <subfield code="a">IT\ICCU\CNCM\002275</subfield>
    <subfield code="b">Putto con due gigli in mano a cavallo di una tartaruga. Nel fregio del frontespizio.</subfield>
    <subfield code="c">U806</subfield>
    <subfield code="d">Dimensioni del fregio: 18,2 x 2,7; dimensioni del particolare con la marca: 4,2 x 2,3</subfield>
    <subfield code="f">PUTTO</subfield>
    <subfield code="f">TARTARUGA</subfield>
    <subfield code="g">1570-1597</subfield>
  </datafield>
  <datafield tag="921" ind1=" " ind2=" ">
    <subfield code="a">IT\ICCU\CNCM\000416</subfield>
    <subfield code="b">Putto con due gigli in mano a cavallo di una tartaruga. In cornice figurata</subfield>
    <subfield code="c">V116</subfield>
    <subfield code="d">Dimensioni: 5,9 x 5,9</subfield>
    <subfield code="f">GIGLIO</subfield>
    <subfield code="f">PUTTO</subfield>
    <subfield code="f">TARTARUGA</subfield>
    <subfield code="g">1549-1600</subfield>
  </datafield>
</record>
</collection>
